@techreport{weko_200941_1,
   author	 = "安齋凌介 and 水谷伸 and 白井良成 and 大塚琢馬 and 岩井将行 and 岸野泰恵",
   title	 = "エッジセンサのための能動学習を用いた車両状態識別モデル更新手法",
   year 	 = "2019",
   institution	 = "東京電機大学, NTTコミュニケーション科学基礎研究所, NTTコミュニケーション科学基礎研究所, NTTコミュニケーション科学基礎研究所, 東京電機大学, NTTコミュニケーション科学基礎研究所",
   number	 = "18",
   month	 = "dec"
}